@misc{nouveaustatus,
	author = {{Nouveau Project}},
	title = {Nouveau Feature Matrix},
	howpublished={\url{http://nouveau.freedesktop.org/wiki/FeatureMatrix}},
	year = {2009--},
}
