@MastersThesis{exojo,
    author     =     {Albert Claret Exojo},
    title     =     {{Design and Implementation of a PTX Emulation Library}},
    school     =     {Universitat Politecnica de Catalunya},
    address     =     {Barcelona},
    year     =     {2009},
    month     =     {July},
}

@article{ocelot,
	title = {The Design and Implementation of {O}celot's Dynamic Binary Translator from {PTX} to Multi-Core x86},
	author = {Gregory Diamos},
	school = {Georgia Institute of Technology},
	year = {2009},
}
