@book{sample,
    author = {sample author},
    title = {sample title},
    year = {sample year},
}
