@misc{pandoracountries,
	author		= {{Pandora\textsuperscript{\textregistered}}},
	title		= {{Terms of Use}},
	howpublished 	= "\url{http://www.pandora.com/legal}",
}

@misc{spotifycountries,
	author		= {{Spotify\textsuperscript{\textregistered}}},
	title		= {{In What Countries is Spotify Available?}},
	howpublished 	= "\url{https://support.spotify.com/us/learn-more/faq/#!/article/In-which-countries-is-Spotify-available}",
}

@misc{economist,
	author		= {{The Economist}},
	title		= {The size of it},
	year          = {2013},
	howpublished 	= "\url{http://www.economist.com/blogs/graphicdetail/2013/06/daily-chart-10}",
}

@misc{nigeriamobile,
	author		= {{Nigerian Communications Comission}},
	title		= {{Subscriber/Teledensity Data}},
	howpublished 	= "\url{http://www.ncc.gov.ng/index.php?option=com_content\&view=article\&id=68\&Itemid=70}",
	year          = {2013},
	month         = {April},
}

@misc{n11,
	author		= {{Goldman Sachs Economic Research}},
	title		= {{The N-11: More Than an Acronym}},
	howpublished 	= "\url{http://gcc.gnu.org/bugzilla/show_bug.cgi?id=38306}",
	year          = {2007},
	month         = {March},
	number        = {153},
}

@misc{reuterssims,
	author = {Helen Nyambura-Mwaura and Simon Akam},
	title = {Telecoms boom leaves rural Africa behind},
	howpublished = "\url{http://www.reuters.com/article/2013/01/31/us-africa-telecoms-idUSBRE90U0MK20130131}",
	year = {2013},
	publisher = "Reuters",
	month = {January},
}

@misc{reutersnitel,
	author = {Chijioke Ohuocha and Felix Onuah},
	title = {Nigeria to re-start Nitel sale via "guided liquidation"},
	howpublished = "\url{http://www.reuters.com/article/2013/07/11/nigeria-nitel-idUSL6N0FH3N820130711}",
	publisher = "Reuters",
	year = {2013},
	month = {July},
}
